<?xml version="1.0" encoding="UTF-8"?><record xmlns="http://www.loc.gov/MARC21/slim" xmlns:cinclude="http://apache.org/cocoon/include/1.0" xmlns:zs="http://www.loc.gov/zing/srw/">
  <leader>00417cz  a2200133n  4500</leader>
  <controlfield tag="001">n 2002152946</controlfield>
  <controlfield tag="003">DLC</controlfield>
  <controlfield tag="005">20020821111243.0</controlfield>
  <controlfield tag="008">020821n| acannaabn          |n ana      </controlfield>
  <datafield tag="010" ind1=" " ind2=" ">
    <subfield code="a">n 2002152946</subfield>
  </datafield>
  <datafield tag="040" ind1=" " ind2=" ">
    <subfield code="a">DLC</subfield>
    <subfield code="c">DLC</subfield>
  </datafield>
  <datafield tag="110" ind1="2" ind2=" ">
    <subfield code="a">Galeria Arsenał (Białystok, Poland)</subfield>
  </datafield>
  <datafield tag="670" ind1=" " ind2=" ">
    <subfield code="a">Here &amp; now, 2001:</subfield>
    <subfield code="b">t.p. (Galeria Arsenał, Białystok)</subfield>
  </datafield>
  <datafield tag="670" ind1=" " ind2=" ">
    <subfield code="a">WWW Galeria site Aug. 21, 2002:</subfield>
    <subfield code="b">(founded in 1965 in Białystok, Poland)</subfield>
  </datafield>
</record>